@article{saari2022blockchain,
  title={Blockchain in real estate: Recent developments and empirical applications},
  author={Saari, Anniina and Vimpari, Jussi and Junnila, Seppo},
  journal={Land Use Policy},
  volume={121},
  pages={106334},
  year={2022},
  publisher={Elsevier}
}

@article{garcia2020legal,
  title={Legal challenges and opportunities of blockchain technology in the real estate sector},
  author={Garcia-Teruel, Rosa M},
  journal={Journal of Property, Planning and Environmental Law},
  volume={12},
  number={2},
  pages={129--145},
  year={2020},
  publisher={Emerald Publishing Limited}
}

@article{ullah2023conceptual,
  title={A conceptual framework for blockchain smart contract adoption to manage real estate deals in smart cities},
  author={Ullah, Fahim and Al-Turjman, Fadi},
  journal={Neural Computing and Applications},
  volume={35},
  number={7},
  pages={5033--5054},
  year={2023},
  publisher={Springer}
}

@article{wouda2019blockchain,
  title={Blockchain technology in commercial real estate transactions},
  author={Wouda, Hugo Pieter and Opdenakker, Raymond},
  journal={Journal of property investment \& Finance},
  volume={37},
  number={6},
  pages={570--579},
  year={2019},
  publisher={Emerald Publishing Limited}
}

@inproceedings{latifi2019blockchain,
  title={Blockchain-based real estate market: One method for applying blockchain technology in commercial real estate market},
  author={Latifi, Sobhan and Zhang, Yunpeng and Cheng, Liang-Chieh},
  booktitle={2019 IEEE International Conference on Blockchain (Blockchain)},
  pages={528--535},
  year={2019},
  organization={IEEE}
}

@article{konashevych2020constraints,
  title={Constraints and benefits of the blockchain use for real estate and property rights},
  author={Konashevych, Oleksii},
  journal={Journal of Property, Planning and Environmental Law},
  volume={12},
  number={2},
  pages={109--127},
  year={2020},
  publisher={Emerald Publishing Limited}
}

@article{veuger2020dutch,
  title={Dutch blockchain, real estate and land registration},
  author={Veuger, Jan},
  journal={Journal of Property, Planning and Environmental Law},
  volume={12},
  number={2},
  pages={93--108},
  year={2020},
  publisher={Emerald Publishing Limited}
}

@inproceedings{gupta2020tokenization,
  title={Tokenization of real estate using blockchain technology},
  author={Gupta, Ashutosh and Rathod, Jash and Patel, Dhiren and Bothra, Jay and Shanbhag, Sanket and Bhalerao, Tanmay},
  booktitle={Applied Cryptography and Network Security Workshops: ACNS 2020 Satellite Workshops, AIBlock, AIHWS, AIoTS, Cloud S\&P, SCI, SecMT, and SiMLA, Rome, Italy, October 19--22, 2020, Proceedings 18},
  pages={77--90},
  year={2020},
  organization={Springer}
}

@inproceedings{pankratov2020blockchain,
  title={The blockchain technology in real estate sector: Experience and prospects},
  author={Pankratov, Evgeny and Grigoryev, Vladimir and Pankratov, Oleg},
  booktitle={IOP Conference Series: Materials Science and Engineering},
  volume={869},
  number={6},
  pages={062010},
  year={2020},
  organization={IOP Publishing}
}

@article{ahmad2021real,
  title={Real estate management via a decentralized blockchain platform},
  author={Ahmad, Iftikhar and Alqarni, Mohammed A and Almazroi, Abdulwahab Ali and Alam, Laiba},
  journal={Comput. Mater. Contin},
  volume={66},
  number={2},
  pages={1813--1822},
  year={2021}
}

@article{nijland2019influence,
  title={Influence of blockchain in the real estate sector},
  author={Nijland, Max},
  journal={International Journal of Applied Science},
  volume={2},
  number={2},
  pages={p22--p22},
  year={2019}
}

@article{konashevych2020general,
  title={General concept of real estate tokenization on blockchain: The right to choose},
  author={Konashevych, Oleksii},
  journal={European property law journal},
  volume={9},
  number={1},
  pages={21--66},
  year={2020},
  publisher={De Gruyter}
}

@inproceedings{krupa2019reshaping,
  title={Reshaping the real estate industry using blockchain},
  author={Krupa, K ShankarJois and Akhil, Maganalli S},
  booktitle={Emerging Research in Electronics, Computer Science and Technology: Proceedings of International Conference, ICERECT 2018},
  pages={255--263},
  year={2019},
  organization={Springer}
}

@article{hoxha2019study,
  title={Study of factors influencing the decision to adopt the blockchain technology in real estate transactions in Kosovo},
  author={Hoxha, Visar and Sadiku, Sara},
  journal={Property Management},
  volume={37},
  number={5},
  pages={684--700},
  year={2019},
  publisher={Emerald Publishing Limited}
}

@article{mehendale2019implications,
  title={Implications of block chain in real estate industry},
  author={Mehendale, Deepashree K and Masurekar, Reshma S and Patil, Harsha V},
  journal={Int. J. Recent Technol. Eng},
  volume={8},
  number={1},
  pages={500--503},
  year={2019}
}

@inproceedings{avantaggiato2019challenges,
  title={Challenges and opportunities using multichain for real estate},
  author={Avantaggiato, Mirko and Gallo, Pierluigi},
  booktitle={2019 IEEE International Black Sea Conference on Communications and Networking (BlackSeaCom)},
  pages={1--5},
  year={2019},
  organization={IEEE}
}

@article{mashatan2021usurping,
  title={Usurping double-ending fraud in real estate transactions via blockchain technology},
  author={Mashatan, Atefeh and Lemieux, Victoria and Lee, Seung Hwan Mark and Szufel, Przemys{\l}aw and Roberts, Zachary},
  journal={Journal of Database Management (JDM)},
  volume={32},
  number={1},
  pages={27--48},
  year={2021},
  publisher={IGI Global}
}

@incollection{harris2021blockchain,
  title={Blockchain applications in real estate},
  author={Harris, Joshua and Nikbakht, Ehsan},
  booktitle={The Emerald Handbook of Blockchain for Business},
  pages={311--323},
  year={2021},
  publisher={Emerald Publishing Limited}
}

@article{veuger2020database,
  title={A Database Exploring Blockchain and Real Estate},
  author={Veuger, Jan},
  journal={Disruptive Technology, Legal Innovation, and the Future of Real Estate},
  pages={3--25},
  year={2020},
  publisher={Springer}
}

@misc{hermansson2020real,
  title={Real Estate Transactions using Blockchain Technology},
  author={Hermansson, Moa},
  year={2020}
}

@article{lindholm2021blockchain,
  title={Blockchain evolution: adoption, knowledge and barriers of blockchain technology in the Finnish real estate industry},
  author={Lindholm, Ellen and others},
  year={2021}
}

@article{li2019blockchain,
  title={Blockchain-enabled workflow operating system for logistics resources sharing in E-commerce logistics real estate service},
  author={Li, Ming and Shen, Leidi and Huang, George Q},
  journal={Computers \& Industrial Engineering},
  volume={135},
  pages={950--969},
  year={2019},
  publisher={Elsevier}
}

@article{bhatia2019exploration,
  title={Exploration of Blockchain Based Solution for Real-Estate},
  author={Bhatia, Karan and Vij, Jivesh and Kumar, Harshit and Sharma, Yogesh and Sharma, Ashish},
  journal={International Journal of Scientific Research in Computer Science, Engineering and Information Technology},
  volume={5},
  pages={957--962},
  year={2019}
}

@inproceedings{kothari2020smart,
  title={Smart contract for real estate using blockchain},
  author={Kothari, Parth and Bharambe, Asha and Motwani, Ruchika and Rathi, Abhishek},
  booktitle={Proceedings of the 3rd International Conference on Advances in Science \& Technology (ICAST)},
  year={2020}
}

@article{baum2021tokenization,
  title={Tokenizationâ€”The future of real estate investment?},
  author={Baum, Andrew},
  journal={The Journal of Portfolio Management},
  volume={47},
  number={10},
  pages={41--61},
  year={2021},
  publisher={Institutional Investor Journals Umbrella}
}

@inproceedings{tilbury2019business,
  title={Business process models of blockchain and South African real estate transactions},
  author={Tilbury, Jack Laurie and de la Rey, Ed and van der Schyff, Karl},
  booktitle={2019 International Conference on Advances in Big Data, Computing and Data Communication Systems (icABCD)},
  pages={1--7},
  year={2019},
  organization={IEEE}
}

@misc{yacob2021blockchain,
  title={Blockchain: An Application on the Commercial Real Estate Leasing Market},
  author={Yacob, Daniel},
  year={2021}
}

@inproceedings{shuaib2021improving,
  title={Improving the authenticity of real estate land transaction data using blockchain-based security scheme},
  author={Shuaib, Mohammed and Alam, Shadab and Daud, Salwani Mohd},
  booktitle={Advances in Cyber Security: Second International Conference, ACeS 2020, Penang, Malaysia, December 8-9, 2020, Revised Selected Papers 2},
  pages={3--10},
  year={2021},
  organization={Springer}
}

@article{jeong2021implementation,
  title={Implementation of real estate contract system using zero knowledge proof algorithm based blockchain},
  author={Jeong, SoonHyeong and Ahn, Byeongtae},
  journal={The Journal of Supercomputing},
  volume={77},
  number={10},
  pages={11881--11893},
  year={2021},
  publisher={Springer}
}

@inproceedings{mittal2020real,
  title={Real Estate Management System based on Blockchain},
  author={Mittal, Ankit and Sharma, Bhavyansh and Ranjan, Pinku},
  booktitle={2020 IEEE 7th Uttar Pradesh Section International Conference on Electrical, Electronics and Computer Engineering (UPCON)},
  pages={1--6},
  year={2020},
  organization={IEEE}
}

@article{huh2020verification,
  title={Verification plan using neural algorithm blockchain smart contract for secure P2P real estate transactions},
  author={Huh, Jun-Ho and Kim, Seong-Kyu},
  journal={Electronics},
  volume={9},
  number={6},
  pages={1052},
  year={2020},
  publisher={MDPI}
}

@inproceedings{bhanushali2020blockchain,
  title={Blockchain to prevent fraudulent activities: Buying and selling property using blockchain},
  author={Bhanushali, Dipika and Koul, Akshara and Sharma, Sainiranjan and Shaikh, Bushra},
  booktitle={2020 International Conference on Inventive Computation Technologies (ICICT)},
  pages={705--709},
  year={2020},
  organization={IEEE}
}

@article{podshivalov2022improving,
  title={Improving implementation of the Blockchain technology in real estate registration},
  author={Podshivalov, Tikhon P},
  journal={The Journal of High Technology Management Research},
  volume={33},
  number={2},
  pages={100440},
  year={2022},
  publisher={Elsevier}
}

@article{ferreira2021blockchain,
  title={Blockchain for Real Estate: A Systematic Literature Review},
  author={Ferreira Santana, Francisco and Mira da Silva, Miguel and Galv{\~a}o da Cunha, Florbela},
  year={2021}
}

@article{sladic2021blockchain,
  title={A blockchain solution for securing real property transactions: a case study for Serbia},
  author={Sladi{\'c}, Goran and Milosavljevi{\'c}, Branko and Nikoli{\'c}, Sini{\v{s}}a and Sladi{\'c}, Dubravka and Radulovi{\'c}, Aleksandra},
  journal={ISPRS international journal of geo-information},
  volume={10},
  number={1},
  pages={35},
  year={2021},
  publisher={MDPI}
}

@article{saull2020can,
  title={Can digital technologies speed up real estate transactions?},
  author={Saull, Andrew and Baum, Andrew and Braesemann, Fabian},
  journal={Journal of property investment \& finance},
  volume={38},
  number={4},
  pages={349--361},
  year={2020},
  publisher={Emerald Publishing Limited}
}

@article{hutson2023architecting,
  title={Architecting the Metaverse: Blockchain and the Financial and Legal Regulatory Challenges of Virtual Real Estate},
  author={Hutson, James and Banerjee, Guarango and Kshetri, Naresh and Odenwald, Kurt and Ratican, Jeremiah},
  journal={Journal of Intelligent Learning Systems and Applications},
  volume={15},
  year={2023}
}

@article{wu2023ebss,
  title={EBSS: A secure blockchain-based sharing scheme for real estate financial credentials},
  author={Wu, Yadi and Tie, Guiyao and Yu, Yao and Li, Jianxin and Song, Jun},
  journal={World Wide Web},
  volume={26},
  number={4},
  pages={1599--1624},
  year={2023},
  publisher={Springer}
}

@article{moringiello2022blockchain,
  title={Blockchain Real Estate and NFTs},
  author={Moringiello, Juliet M and Odinet, Christopher K},
  journal={Wm. \& Mary L. Rev.},
  volume={64},
  pages={1131},
  year={2022},
  publisher={HeinOnline}
}

@inproceedings{jain2020blockchain,
  title={Blockchain-powered real estate system},
  author={Jain, Aman and Chitroda, Bhumi and Dixit, Aditya and Dalvi, Harshal},
  booktitle={Advanced Computing Technologies and Applications: Proceedings of 2nd International Conference on Advanced Computing Technologies and Applicationsâ€”ICACTA 2020},
  pages={609--620},
  year={2020},
  organization={Springer}
}